
@article{zouache2011,
	title = {Bacterial diversity of field-caught mosquitoes, Aedes albopictus and Aedes aegypti, from different geographic regions of Madagascar},
	volume = {75},
	rights = {© 2010 Federation of European Microbiological Societies. Published by Blackwell Publishing Ltd. All rights reserved},
	issn = {1574-6941},
	url = {http://onlinelibrary.wiley.com/doi/10.1111/j.1574-6941.2010.01012.x/abstract},
	doi = {10.1111/j.1574-6941.2010.01012.x},
	pages = {377–389},
	number = {3},
	journaltitle = {{FEMS} Microbiology Ecology},
	author = {Zouache, Karima and Raharimalala, Fara Nantenaina and Raquin, Vincent and Tran-Van, Van and Raveloson, Lala Harivelo Ravaomanarivo and Ravelonandro, Pierre and Mavingui, Patrick},
	urldate = {2013-06-13},
	date = {2011},
	langid = {english},
}
@article{orig_phm2,
	title = {Cloning of Escherichia coli {lacZ} and {lacY} Genes and Their Expression in Gluconobacter oxydans and Acetobacter liquefaciens},
	volume = {68},
	issn = {0099-2240, 1098-5336},
	url = {http://aem.asm.org/content/68/5/2619},
	doi = {10.1128/AEM.68.5.2619-2623.2002},
	pages = {2619-2623},
	number = {5},
	journaltitle = {Applied and Environmental Microbiology},
	shortjournal = {Appl. Environ. Microbiol.},
	author = {Mostafa, Hesham E. and Heller, Knut J. and Geis, Arnold},
	urldate = {2014-04-01},
	date = {2002},
	langid = {english},
	note = {{PMID:} 11976147},
	file = {Full Text PDF:/home/ego/.mozilla/firefox/e94dk8of.default/zotero/storage/N5USKEQ8/Mostafa et al. - 2002 - Cloning of Escherichia coli lacZ and lacY Genes an.pdf:application/pdf;Snapshot:/home/ego/.mozilla/firefox/e94dk8of.default/zotero/storage/XCIX3MFF/2619.html:text/html}
}
@article{zouache2009,
	title = {Persistent Wolbachia and Cultivable Bacteria Infection in the Reproductive and Somatic Tissues of the Mosquito Vector Aedes albopictus},
	volume = {4},
	url = {http://dx.doi.org/10.1371/journal.pone.0006388},
	doi = {10.1371/journal.pone.0006388},
	pages = {e6388},
	number = {7},
	journaltitle = {{PLoS} {ONE}},
	shortjournal = {{PLoS} {ONE}},
	author = {Zouache, Karima and Voronin, Denis and Tran-Van, Van and Mousson, Laurence and Failloux, Anna-Bella and Mavingui, Patrick},
	urldate = {2013-06-13},
	date = {2009-07-27},
	file = {PLoS Full Text PDF:/home/ego/.mozilla/firefox/e94dk8of.default/zotero/storage/VR7NIQIM/Zouache et al. - 2009 - Persistent Wolbachia and Cultivable Bacteria Infec.pdf:application/pdf;PLoS Snapshot:/home/ego/.mozilla/firefox/e94dk8of.default/zotero/storage/A94QXK24/infodoi10.1371journal.pone.html:text/html}
}
@article{favia2007,
	title = {Bacteria of the genus Asaia stably associate with Anopheles stephensi, an Asian malarial mosquito vector},
	volume = {104},
	issn = {0027-8424, 1091-6490},
	url = {http://www.pnas.org/content/104/21/9047},
	doi = {10.1073/pnas.0610451104},
	pages = {9047-9051},
	number = {21},
	journaltitle = {Proceedings of the National Academy of Sciences},
	shortjournal = {{PNAS}},
	author = {Favia, Guido and Ricci, Irene and Damiani, Claudia and Raddadi, Noura and Crotti, Elena and Marzorati, Massimo and Rizzi, Aurora and Urso, Roberta and Brusetti, Lorenzo and Borin, Sara and Mora, Diego and Scuppa, Patrizia and Pasqualini, Luciano and Clementi, Emanuela and Genchi, Marco and Corona, Silvia and Negri, Ilaria and Grandi, Giulio and Alma, Alberto and Kramer, Laura and Esposito, Fulvio and Bandi, Claudio and Sacchi, Luciano and Daffonchio, Daniele},
	urldate = {2013-06-13},
	date = {2007-05-22},
	langid = {english},
	note = {{PMID:} 17502606},
	keywords = {insect vector, Malaria, Symbiotic control},
	file = {PNAS-2007-Favia-9047-51.pdf:/home/ego/.mozilla/firefox/e94dk8of.default/zotero/storage/7M5IH93D/PNAS-2007-Favia-9047-51.pdf:application/pdf;Snapshot:/home/ego/.mozilla/firefox/e94dk8of.default/zotero/storage/QTGHWCUB/9047.html:text/html}
}
@techreport{ecdc,
	title = {Guidelines for the surveillance of invasive mosquitoes in Europe},
	institution = {European Center for Disease Ccontrol and prevention},
	author = {ECDC},
	year = 2012
}
@article{bahia2014,
	title = {Exploring Anopheles gut bacteria for Plasmodium blocking activity},
	rights = {© 2014 Society for Applied Microbiology and John Wiley \& Sons Ltd},
	issn = {1462-2920},
	url = {http://onlinelibrary.wiley.com.gate1.inist.fr/doi/10.1111/1462-2920.12381/abstract},
	doi = {10.1111/1462-2920.12381},
	pages = {n/a-n/a},
	journaltitle = {Environmental Microbiology},
	shortjournal = {Environ Microbiol},
	author = {Bahia, Ana C. and Dong, Yuemei and Blumberg, Benjamin J. and Mlambo, Godfree and Tripathi, Abhai and {BenMarzouk-Hidalgo}, Omar J. and Chandra, Ramesh and Dimopoulos, George},
	urldate = {2014-04-28},
	date = {2014-03-01},
	langid = {english},
}
@article{edwards1989,
	title = {Isolation and direct complete nucleotide determination of entire genes. Characterization of a gene coding for {16S} ribosomal {RNA}},
	volume = {17},
	issn = {0305-1048, 1362-4962},
	url = {http://nar.oxfordjournals.org.gate1.inist.fr/content/17/19/7843},
	doi = {10.1093/nar/17.19.7843},
	pages = {7843-7853},
	number = {19},
	journaltitle = {Nucleic Acids Research},
	shortjournal = {Nucl. Acids Res.},
	author = {Edwards, Ulrike and Rogall, Till and Blöcker, Helmut and Emde, Monica and Böttger, Erik C.},
	urldate = {2014-04-30},
	date = {1989-11-10},
	langid = {english},
	note = {{PMID:} 2798131},
}
@article{sanguin2006,
	title = {Development and validation of a prototype {16S} {rRNA-based} taxonomic microarray for Alphaproteobacteria},
	volume = {8},
	issn = {1462-2920},
	url = {http://onlinelibrary.wiley.com.gate1.inist.fr/doi/10.1111/j.1462-2920.2005.00895.x/abstract},
	doi = {10.1111/j.1462-2920.2005.00895.x},
	pages = {289-307},
	number = {2},
	journaltitle = {Environmental Microbiology},
	author = {Sanguin, Hervé and Herrera, Aude and Oger-Desfeux, Christine and Dechesne, Arnaud and Simonet, Pascal and Navarro, Elisabeth and Vogel, Timothy M. and Moënne-Loccoz, Yvan and Nesme, Xavier and Grundmann, Geneviève L.},
	urldate = {2014-05-01},
	date = {2006-02-01},
	langid = {english},
}
@article{kenzaka1998,
	title = {{rRNA-targeted} fluorescent in situ hybridization analysis of bacterial community structure in river water},
	volume = {144},
	issn = {1350-0872, 1465-2080},
	url = {http://mic.sgmjournals.org/content/144/8/2085},
	doi = {10.1099/00221287-144-8-2085},
	pages = {2085-2093},
	number = {8},
	journaltitle = {Microbiology},
	shortjournal = {Microbiology},
	author = {Kenzaka, Takehiko and Yamaguchi, Nobuyasu and Tani, Katsuji and Nasu, Masao},
	urldate = {2014-05-01},
	date = {1998},
	langid = {english},
	note = {{PMID:} 9720029},
	keywords = {bacterial community structure, fluorescent in situ hybridization, river, {rRNA-targeted} oligonucleotide probes},
}
@article{seifert1994,
	title = {Plasmid {DNA} profiles of Acinetobacter baumannii: clinical application in a complex endemic setting},
	volume = {15},
	issn = {0899-{823X}},
	shorttitle = {Plasmid {DNA} profiles of Acinetobacter baumannii},
	pages = {520-528},
	number = {8},
	journaltitle = {Infection control and hospital epidemiology: the official journal of the Society of Hospital Epidemiologists of America},
	shortjournal = {Infect Control Hosp Epidemiol},
	author = {Seifert, H and Boullion, B and Schulze, A and Pulverer, G},
	date = {1994-08},
	note = {{PMID:} 7983345},
	keywords = {Acinetobacter, Acinetobacter Infections, Bacterial Typing Techniques, Colony Count, Microbial, Cross Infection, Disease Outbreaks, {DNA}, Bacterial, Drug Resistance, Microbial, Germany, Hospital Bed Capacity, 500 and over, Hospitals, University, Humans, Plasmids}
}
@article{minard2013,
	title = {Prevalence, genomic and metabolic profiles of Acinetobacter and Asaia associated with field-caught Aedes albopictus from Madagascar},
	volume = {83},
	rights = {© 2012 Federation of European Microbiological Societies. Published by Blackwell Publishing Ltd. All rights reserved},
	issn = {1574-6941},
	url = {http://onlinelibrary.wiley.com/doi/10.1111/j.1574-6941.2012.01455.x/abstract},
	doi = {10.1111/j.1574-6941.2012.01455.x},
	pages = {63–73},
	number = {1},
	journaltitle = {{FEMS} Microbiology Ecology},
	author = {Minard, Guillaume and Tran, Florence Hélène and Raharimalala, Fara Nantenaina and Hellard, Eléonore and Ravelonandro, Pierre and Mavingui, Patrick and Valiente Moro, Claire},
	urldate = {2013-06-04},
	date = {2013},
	langid = {english},
	keywords = {acetic bacteria, asian tiger mosquito, genomic diversity, metabolic repertoire, symbiosis},
}